@misc{APACHE:1,
   title = {Apache Maven - Wikipedia},
   howpublished = "\url{https://en.wikipedia.org/wiki/Apache_Maven}"
}
@misc{MAVEN:1,
   title = {Maven – Welcome to Apache Maven},
   howpublished = "\url{https://maven.apache.org/}"
}
@misc{GRADLE:1,
   title = {Gradle Build Tool},
   howpublished = "\url{https://gradle.org/}"
}
@misc{DZONE:1,
   title = {Gradle vs. Maven - DZone Java},
   howpublished = "\url{https://dzone.com/articles/gradle-vs-maven}"
}
@misc{GIT:1,
   title = {Git},
   howpublished = "\url{https://git-scm.com/}"
}
@misc{GIT:2,
   title = {Git - Wikipedia},
   howpublished = "\url{https://en.wikipedia.org/wiki/Git}"
}
@misc{GITHUB:1,
   title = {GitHub - Wikipedia},
   howpublished = "\url{https://en.wikipedia.org/wiki/GitHub}"
}
@misc{TRAVIS:1,
   title = {Travis CI · GitHub Marketplace},
   howpublished = "\url{https://github.com/marketplace/travis-ci}"
}
