@misc{USABILITY,
   title = {Non-functional Requirements: Examples, Types, Approaches | AltexSoft},
   howpublished = "\url{https://www.altexsoft.com/blog/non-functional-requirements}"
}
@misc{DEFINITION,
   title = {Non-functional requirement - Wikipedia},
   howpublished = "\url{https://en.wikipedia.org/wiki/Non-functional_requirement}"
}
